<record><leader>00000cas a22000007a 4500</leader><controlfield tag="001">31297961</controlfield><controlfield tag="008">941017d1992200umauwr ne      0   a0eng d</controlfield><controlfield tag="009">9107</controlfield><datafield ind1=" " ind2=" " tag="010"><subfield code="a">sn 94055641 </subfield></datafield><datafield ind1=" " ind2=" " tag="040"><subfield code="a">MGN</subfield><subfield code="b">eng</subfield><subfield code="c">MGN</subfield><subfield code="d">NSD</subfield><subfield code="d">DLC</subfield><subfield code="d">OCLCQ</subfield></datafield><datafield ind1=" " ind2=" " tag="012"><subfield code="m">d</subfield></datafield><datafield ind1="1" ind2=" " tag="022"><subfield code="a">1082-2291</subfield><subfield code="l">1082-2291</subfield><subfield code="2">1</subfield></datafield><datafield ind1=" " ind2=" " tag="037"><subfield code="b">Beacon Community Newspapers, 150 Baker Ave. Extension, Ste. 305, POB 9191, Concord, MA 01742</subfield></datafield><datafield ind1=" " ind2=" " tag="042"><subfield code="a">msc</subfield><subfield code="a">nsdp</subfield></datafield><datafield ind1=" " ind2="0" tag="222"><subfield code="a">Tewksbury advertiser</subfield></datafield><datafield ind1="0" ind2="0" tag="245"><subfield code="a">Tewksbury advertiser.</subfield></datafield><datafield ind1=" " ind2=" " tag="260"><subfield code="a">Burlington, MA :</subfield><subfield code="b">Bay State Newspaper Co., Inc.,</subfield></datafield><datafield ind1=" " ind2=" " tag="300"><subfield code="a">v.</subfield></datafield><datafield ind1=" " ind2=" " tag="310"><subfield code="a">Weekly</subfield></datafield><datafield ind1="0" ind2=" " tag="362"><subfield code="a">Vol. 36, no. 10 (Mar. 4, 1992)-</subfield></datafield><datafield ind1=" " ind2=" " tag="500"><subfield code="a">Published: Concord, MA : Beacon Community Newspapers, &lt;Jan. 26, 1995-&gt;</subfield></datafield><datafield ind1=" " ind2=" " tag="500"><subfield code="a">Editor: David Trueblood.</subfield></datafield><datafield ind1=" " ind2=" " tag="752"><subfield code="a">United States</subfield><subfield code="b">Massachusetts</subfield><subfield code="c">Middlesex</subfield><subfield code="d">Burlington.</subfield></datafield><datafield ind1=" " ind2=" " tag="752"><subfield code="a">United States</subfield><subfield code="b">Massachusetts</subfield><subfield code="c">Middlesex</subfield><subfield code="d">Tewksbury.</subfield></datafield><datafield ind1="0" ind2="0" tag="780"><subfield code="t">Merrimack Valley advertiser (Tewksbury, Mass.)</subfield><subfield code="w">(DLC)sn 89063376</subfield></datafield><datafield ind1="0" ind2="0" tag="785"><subfield code="t">Tewksbury advocate</subfield><subfield code="x">2152-470X</subfield><subfield code="w">(DLC)  2009204465</subfield><subfield code="w">(OCoLC)78622628</subfield></datafield><datafield ind1=" " ind2=" " tag="936"><subfield code="a">Vol. 39, no. 3 (Jan. 26, 1995) LIC</subfield></datafield></record>